<?xml version="1.0" encoding="UTF-8"?>
<record xmlns="http://www.loc.gov/MARC21/slim" xmlns:xsi="http://www.w3.org/2001/XMLSchema-instance" xsi:schemaLocation="http://www.loc.gov/MARC21/slim http://www.loc.gov/standards/marcxml/schema/MARC21slim.xsd">
<leader>     nam a2200301ua 4500</leader>
<controlfield tag="001">001677678</controlfield>
<controlfield tag="003">NNU</controlfield>
<controlfield tag="005">20001218201141.0</controlfield>
<controlfield tag="008">881116m19609999ir            000 0 ara d</controlfield>
<datafield tag="035" ind1="9" ind2=" ">
<subfield code="a">NYUb12221062</subfield>
</datafield>
<datafield tag="035" ind1=" " ind2=" ">
<subfield code="a">(NjP)notisACF4973</subfield>
</datafield>
<datafield tag="035" ind1=" " ind2=" ">
<subfield code="a">(CStRLIN)NJPG88-B57506</subfield>
</datafield>
<datafield tag="040" ind1=" " ind2=" ">
<subfield code="a">NjP</subfield>
<subfield code="c">NjP</subfield>
</datafield>
<datafield tag="100" ind1="1" ind2=" ">
<subfield code="a">Muḥaqqiq al-Ṭihrānī, Muḥammad Riḍā.</subfield>
</datafield>
<datafield tag="245" ind1="1" ind2="0">
<subfield code="a">Ḥaqāʼiq al-fiqh fī sharḥ Sharāʼiʻ al-Islām /</subfield>
<subfield code="c">taṣnīf Muḥammad Riḍā al-mushtahir bi-al-Muḥaqqiq al-Ṭihrānī.</subfield>
</datafield>
<datafield tag="260" ind1=" " ind2=" ">
<subfield code="a">[Iran :</subfield>
<subfield code="b">s.n.,]</subfield>
<subfield code="c">1382- [1962 or 1963]-</subfield>
</datafield>
<datafield tag="300" ind1=" " ind2=" ">
<subfield code="a">v. ;</subfield>
<subfield code="c">24 cm.</subfield>
</datafield>
<datafield tag="500" ind1=" " ind2=" ">
<subfield code="a">Some vols. have title: Kitāb Ḥaqāʼiq al-fiqh fī sharāʼiʻ al-Islām.</subfield>
</datafield>
<datafield tag="500" ind1=" " ind2=" ">
<subfield code="a">Vol. 27 has individual title at head of title.</subfield>
</datafield>
<datafield tag="500" ind1=" " ind2=" ">
<subfield code="a">Vols. 3- have imprint: Qum : al-Maṭbaʻah al-ʻIlmīyah.</subfield>
</datafield>
<datafield tag="500" ind1=" " ind2=" ">
<subfield code="a">Cover, v. 1, dated: 1382.</subfield>
</datafield>
<datafield tag="500" ind1=" " ind2=" ">
<subfield code="a">Vol. 21 includes a title page for vol. 11.</subfield>
</datafield>
<datafield tag="650" ind1=" " ind2="0">
<subfield code="a">Islamic law</subfield>
<subfield code="x">Interpretation and construction.</subfield>
</datafield>
<datafield tag="650" ind1=" " ind2="0">
<subfield code="a">Shīʻah.</subfield>
</datafield>
<datafield tag="600" ind1="1" ind2="0">
<subfield code="a">Muḥaqqiq al-Ḥillī, Jaʻfar ibn al-Ḥasan,</subfield>
<subfield code="d">1205 or 6-1277.</subfield>
<subfield code="t">Sharāʼiʻ al-Islām.</subfield>
</datafield>
<datafield tag="740" ind1="0" ind2=" ">
<subfield code="a">Kitāb Ḥaqāʼiq al-fiqh fī sharḥ Sharāʼiʻ al-Islām.</subfield>
</datafield>
<datafield tag="OWN" ind1=" " ind2=" ">
<subfield code="a">GENERAL</subfield>
</datafield>
<datafield tag="950" ind1=" " ind2=" ">
<subfield code="l">BMAIN</subfield>
<subfield code="a">BP184.4</subfield>
<subfield code="b">.M8</subfield>
</datafield>
<datafield tag="955" ind1=" " ind2=" ">
<subfield code="l">BMAIN</subfield>
<subfield code="c">1:v.1</subfield>
<subfield code="r">028093139</subfield>
</datafield>
<datafield tag="998" ind1=" " ind2=" ">
<subfield code="s">9118</subfield>
</datafield>
<datafield tag="AVA" ind1=" " ind2=" ">
<subfield code="a">NYU50</subfield>
<subfield code="b">BOBST</subfield>
<subfield code="c">Main Collection</subfield>
<subfield code="d">BP184.4 .M8</subfield>
<subfield code="e">unavailable</subfield>
<subfield code="t">Unavailable</subfield>
<subfield code="f">1</subfield>
<subfield code="g">1</subfield>
<subfield code="h">Y</subfield>
<subfield code="i">0</subfield>
<subfield code="j">MAIN</subfield>
<subfield code="k">0</subfield>
</datafield>
</record>
